<?xml version="1.0" encoding="UTF-8"?><collection xmlns="http://www.loc.gov/MARC21/slim"><record><leader>00368nam--2200109-i-4500</leader><controlfield tag="001">000043514</controlfield><controlfield tag="002">20161230</controlfield><controlfield tag="005">20161230201044</controlfield><controlfield tag="008">060222s1000------------r-----000-0-eng-d</controlfield><datafield ind1=" " ind2=" " tag="245"><subfield code="a">Tables of the moment of inertia and section moduls of ordinary aangles, chanuels and bublb.angles. with certain plate combination</subfield></datafield><datafield ind1=" " ind2=" " tag="260"><subfield code="a">New York, W.P.A., 1941. Xiii + 197 P</subfield></datafield><datafield ind1=" " ind2=" " tag="852"><subfield code="a">541</subfield></datafield></record></collection>